<?xml version="1.0" encoding="UTF-8" ?>
<collection xmlns:xsi="http://www.w3.org/2001/XMLSchema-instance"
    xsi:schemaLocation="http://www.loc.gov/MARC21/slim
        http://www.loc.gov/standards/marcxml/schema/MARC21slim.xsd"
    xmlns="http://www.loc.gov/MARC21/slim">
<record>
  <leader>00207cam a2200373 i 4500</leader>
  <controlfield tag="001">b12507611</controlfield>
  <controlfield tag="003">LeBAU</controlfield>
  <controlfield tag="005">20190130</controlfield>
  <controlfield tag="008">970707s1954    le a          ||0 d ara d</controlfield>
  <datafield tag="035" ind1=" " ind2=" ">
    <subfield code="a">ocn784364672</subfield>
  </datafield>
  <datafield tag="040" ind1=" " ind2=" ">
    <subfield code="a">LEAUB</subfield>
    <subfield code="b">ara</subfield>
    <subfield code="e">rda</subfield>
    <subfield code="c">LEAUB</subfield>
    <subfield code="d">LEAUB</subfield>
  </datafield>
  <datafield tag="082" ind1="0" ind2="4">
    <subfield code="a">808.2</subfield>
    <subfield code="2">20</subfield>
  </datafield>
  <datafield tag="100" ind1="1" ind2=" ">
    <subfield code="6">880-01</subfield>
    <subfield code="a">Shīkhānī, Samīr</subfield>
    <subfield code="e">compiler.</subfield>
  </datafield>
  <datafield tag="245" ind1="1" ind2="0">
    <subfield code="6">880-02</subfield>
    <subfield code="a">12 ūpirā ʻālamīyah /</subfield>
    <subfield code="c">Samīr Shīkhānī.</subfield>
  </datafield>
  <datafield tag="246" ind1="3" ind2=" ">
    <subfield code="6">880-03</subfield>
    <subfield code="a">Ithnā ʻashar ūpirā ʻālamīyah</subfield>
  </datafield>
  <datafield tag="264" ind1=" " ind2="1">
    <subfield code="6">880-04</subfield>
    <subfield code="a">Bayrūt :</subfield>
    <subfield code="b">Dār al-Fikr,</subfield>
    <subfield code="c">1954.</subfield>
  </datafield>
  <datafield tag="300" ind1=" " ind2=" ">
    <subfield code="6">880-05</subfield>
    <subfield code="a">142 pages :</subfield>
    <subfield code="b">illustrations ;</subfield>
    <subfield code="c">17 cm</subfield>
  </datafield>
  <datafield tag="336" ind1=" " ind2=" ">
    <subfield code="a">text</subfield>
    <subfield code="b">txt</subfield>
    <subfield code="2">rdacontent</subfield>
  </datafield>
  <datafield tag="336" ind1=" " ind2=" ">
    <subfield code="a">still image</subfield>
    <subfield code="b">sti</subfield>
    <subfield code="2">rdacontent</subfield>
  </datafield>
  <datafield tag="337" ind1=" " ind2=" ">
    <subfield code="a">unmediated</subfield>
    <subfield code="b">n</subfield>
    <subfield code="2">rdamedia</subfield>
  </datafield>
  <datafield tag="338" ind1=" " ind2=" ">
    <subfield code="a">volume</subfield>
    <subfield code="b">nc</subfield>
    <subfield code="2">rdacarrier</subfield>
  </datafield>
  <datafield tag="505" ind1="0" ind2="0">
    <subfield code="a">12 أوپرا عالمية:</subfield>
    <subfield code="t">عايدة : اوبرا من اربعة فصول أخرجت للمرة الأولى في القاهرة عام 1871 /</subfield>
    <subfield code="r">جوسيبي فردي -- </subfield>
    <subfield code="t">سالومي : اوبرا من فصل واحد مقتبسة من مسرحية اوسكار وايلد، أخرجت للمرة الأولى في درسدن عام 1905 /</subfield>
    <subfield code="r">ريتشارد شتراوس -- </subfield>
    <subfield code="t">كارمن : اوبرا من اربعة فصول مقتبسة من رواية بروسبير ميريمه، أخرجت للمرة الأولى في باريس عام 1875 /</subfield>
    <subfield code="r">جورج بيزيه -- </subfield>
    <subfield code="t">لاترافياتا : اوبرا من اربعة فصول مقتبسة عن قصة "غادة الكاميليا" لألكسندر دوماس، أخرجت لأول مرة في البندقية سنة 1853 /</subfield>
    <subfield code="r">جوسيبي فردي -- </subfield>
    <subfield code="t">تريستان وايزولت : اوبرا من ثلاثة فصول من وضع ريتشارد فاغنز، أخرجت للمرة الأولى في ميونيخ عام 1865 /</subfield>
    <subfield code="r">ريتشارد فاغنر -- </subfield>
    <subfield code="t">توسكا : اوبرا من ثلاثة فصول مقتبسة من رواية لفكتور ساردو، أخرجت للمرة الأولى في روما سنة 1900 /</subfield>
    <subfield code="r">جياكومو بوتشيني -- </subfield>
    <subfield code="t">شمشون ودليلة : اوبرا من ثلاثة فصول، أخرجت للمرة الأولى في فايمار 1877 /</subfield>
    <subfield code="r">كاميل سان-سانس -- </subfield>
    <subfield code="t">فاوست : اوبرا من اربعة فصول مقتبسة من قصة غوته الشهيرة، أخرجت للمرة الأولى في باريس عام 1859 /</subfield>
    <subfield code="r">شارل غونو -- </subfield>
    <subfield code="t">تاييس : اوبرا من ثلاثة فصول مقتبسة من رواية لأناتول فرانس، أخرجت للمرة الأولى في باريس سنة 1894 /</subfield>
    <subfield code="r">جول ماسنيه -- </subfield>
    <subfield code="t">عطيل : اوبرا من اربعة فصول مقتبسة من مسرحية عطيل لشكسبير، أخرجت للمرة الأولى في ميلانو عام 1887 /</subfield>
    <subfield code="r">جوسيبي فيردي -- </subfield>
    <subfield code="t">حلاق أشبيلية : اوبرا من فصلين مقتبسة من رواية هزلية لبومارشه، أخرجت للمرة الأولى في روما عام 1816 /</subfield>
    <subfield code="r">جيواتشينو روسيني -- </subfield>
    <subfield code="t">زواج فيغارو : اوبرا من اربعة فصول مقتبسة من رواية هزلية لبومارشه، أخرجت للمرة الأولى في فيينا سنة 1786 /</subfield>
    <subfield code="r">فولفغانغ موتزارت.</subfield>
  </datafield>
  <datafield tag="655" ind1=" " ind2="4">
    <subfield code="a">المسرح الغنائي.</subfield>
  </datafield>
  <datafield tag="655" ind1=" " ind2="0">
    <subfield code="a">Musical theater.</subfield>
  </datafield>
  <datafield tag="852" ind1=" " ind2=" ">
    <subfield code="a">Jafet Library</subfield>
    <subfield code="e">American University of Beirut, Bliss Street , Beirut, Lebanon.</subfield>
  </datafield>
  <datafield tag="880" ind1="1" ind2=" ">
    <subfield code="6">100-01/(3/r</subfield>
    <subfield code="a">شيخاني، سمير،</subfield>
    <subfield code="e">معد. </subfield>
    <subfield code="4">com.</subfield>
  </datafield>
  <datafield tag="880" ind1="1" ind2="0">
    <subfield code="6">245-02/(3/r</subfield>
    <subfield code="a">12 أوپرا عالمية /</subfield>
    <subfield code="c">تعريب سمير شيخاني.</subfield>
  </datafield>
  <datafield tag="880" ind1="3" ind2=" ">
    <subfield code="6">246-03/(3/r</subfield>
    <subfield code="a">إثنا عشر أوپرا عالمية</subfield>
  </datafield>
  <datafield tag="880" ind1=" " ind2="1">
    <subfield code="6">264-04/(3/r</subfield>
    <subfield code="a">بيروت :</subfield>
    <subfield code="b">دار الفكر،</subfield>
    <subfield code="c">1954.</subfield>
  </datafield>
  <datafield tag="880" ind1=" " ind2=" ">
    <subfield code="6">300-05/(3/r</subfield>
    <subfield code="a">142 صفحة :</subfield>
    <subfield code="b">مصورات ؛</subfield>
    <subfield code="c">17 سم</subfield>
  </datafield>
  <datafield tag="907" ind1=" " ind2=" ">
    <subfield code="a">.b12507611</subfield>
    <subfield code="b">19-01-30</subfield>
    <subfield code="c">11-05-24</subfield>
  </datafield>
  <datafield tag="907" ind1=" " ind2=" ">
    <subfield code="a">.b12507611</subfield>
    <subfield code="b">15-10-15</subfield>
    <subfield code="c">11-05-24</subfield>
  </datafield>
  <datafield tag="945" ind1=" " ind2=" ">
    <subfield code="f">J</subfield>
    <subfield code="a">808.2:E86sA:c.1</subfield>
    <subfield code="i">01029986</subfield>
    <subfield code="j">.i13003550</subfield>
    <subfield code="l">u0503</subfield>
  </datafield>
  <datafield tag="998" ind1=" " ind2=" ">
    <subfield code="a">u05</subfield>
    <subfield code="b">97-07-07</subfield>
    <subfield code="c">m</subfield>
    <subfield code="d">a  </subfield>
    <subfield code="e">-</subfield>
    <subfield code="f">ara</subfield>
    <subfield code="g">le </subfield>
    <subfield code="h">0</subfield>
    <subfield code="i">1</subfield>
  </datafield>
</record>
</collection>
